<record><leader>00000cas a22000007a 4500</leader><controlfield tag="001">29931779</controlfield><controlfield tag="008">940309d19671974nyuwr ne      0    0eng d</controlfield><datafield ind1=" " ind2=" " tag="010"><subfield code="a">sn 94057539 </subfield></datafield><datafield ind1=" " ind2=" " tag="040"><subfield code="a">NYS</subfield><subfield code="b">eng</subfield><subfield code="c">NYS</subfield><subfield code="d">OCLCQ</subfield></datafield><datafield ind1=" " ind2=" " tag="042"><subfield code="a">msc</subfield></datafield><datafield ind1="0" ind2="0" tag="245"><subfield code="a">Kenmore record-advertiser.</subfield></datafield><datafield ind1="1" ind2="7" tag="246"><subfield code="a">Record-advertiser</subfield></datafield><datafield ind1=" " ind2=" " tag="260"><subfield code="a">Kenmore, N.Y. :</subfield><subfield code="b">Kenmore Independent Record</subfield></datafield><datafield ind1=" " ind2=" " tag="300"><subfield code="a">v.</subfield></datafield><datafield ind1=" " ind2=" " tag="310"><subfield code="a">Weekly</subfield></datafield><datafield ind1="0" ind2=" " tag="362"><subfield code="a">Vol. 51, no. 5 (Feb. 2, 1967)-Aug. 7, 1974.</subfield></datafield><datafield ind1=" " ind2=" " tag="500"><subfield code="a">Publisher: Mrs. Charles E. Hewitt, Jr.</subfield></datafield><datafield ind1=" " ind2="4" tag="651"><subfield code="a">Kenmore (N.Y.)</subfield><subfield code="v">Newspapers.</subfield></datafield><datafield ind1=" " ind2="4" tag="651"><subfield code="a">Erie County (N.Y.)</subfield><subfield code="v">Newspapers.</subfield></datafield><datafield ind1=" " ind2=" " tag="752"><subfield code="a">United States</subfield><subfield code="b">New York</subfield><subfield code="c">Erie</subfield><subfield code="d">Kenmore.</subfield></datafield><datafield ind1="0" ind2="0" tag="780"><subfield code="t">Record-advertiser</subfield><subfield code="w">(DLC)sn 94057538</subfield><subfield code="w">(OCoLC)29926396</subfield></datafield><datafield ind1="0" ind2="0" tag="785"><subfield code="t">Record-advertiser (Kenmore, N.Y. : 1974)</subfield></datafield><datafield ind1="1" ind2=" " tag="029"><subfield code="a">AU@</subfield><subfield code="b">000025902460</subfield></datafield></record>